@book{DymMckean,
    author    = {{H. Dym and H.P McKean}},
    title     = {{Fourier Series and Integrals}},
    publisher = {{Academic Press}},
    address  = {{New York}},
    year      = {{1972}},
}

@misc{Weier,
title = {{Teorema de Weierstrass}},
howpublished = {\url{https://en.wikipedia.org/wiki/Extreme_value_theorem}},
note = {Visitado: 23-05-2016}
}

@misc{Squeeze,
title = {{Teorema del Acotamiento}},
howpublished = {\url{https://en.wikipedia.org/wiki/Squeeze_theorem}},
note = {Visitado: 23-05-2016}
}


